% Encoding: UTF-8
@book{valente1995legal,
  title={Legal knowledge engineering: A modelling approach},
  author={A. Valente},
  volume={30},
  year={1995},
  publisher={Penn State Press}
}
@inproceedings{icail/Bench-CaponRRS87,
  author    = {T. J. M. Bench{-}Capon and
               G. O. Robinson and
               T. Routen and
               M. J. Sergot},
  title     = {Logic Programming for Large Scale Applications in Law: {A} Formalisation
               of Supplementary Benefit Legislation},
  booktitle = {Proceedings of the First International Conference on Artificial Intelligence
               and Law, {ICAIL} '87, Boston, MA, USA, May 27-29, 1987},
  pages     = {190--198},
  year      = {1987},
  url       = {http://doi.acm.org/10.1145/41735.41757},
  doi       = {10.1145/41735.41757}
}
@article{cacm/SergotSKKHC86,
  author    = {M. J. Sergot and
               F. Sadri and
               R. A. Kowalski and
               F. Kriwaczek and
               P. Hammond and
               H. T. Cory},
  title     = {The British Nationality Act as a Logic Program},
  journal   = {Commun. {ACM}},
  volume    = {29},
  number    = {5},
  pages     = {370--386},
  year      = {1986},
  url       = {http://doi.acm.org/10.1145/5689.5920},
  doi       = {10.1145/5689.5920}
}
@inproceedings{HARNESS,
  author    = {J. Breuker and
               S. van de Ven and
               A. El-Ali and
               M. Bron and
               R. Hoekstra and
               S. Klarman and
               U. Milo{\v{s}}ev\'ic and
               L. Wortel and
               A. F{\"o}rh{\'e}cz and
               P Estrella},
  title     = {Deliverable NÂ° : 4.6 Developing {HARNESS} Towards a hybrid architecture for {LKIF}},
  year      = {2008}
}
@inproceedings{AGILE,
  title     = {The Agile project: Reconciling agility and legal accountability},
  author    = {A. Boer and
               T. {Van Engers}},
  booktitle = {Proceedings of the 2nd International Conference on ICT Solutions for Justice},
  pages     = {41--49},
  year      = {2009}
}
@inproceedings{jurix/ForheczKMS09,
  author    = {A. F{\"{o}}rh{\'{e}}cz and
               G. Kor{\"{o}}si and
               A. Millinghoffer and
               G. Strausz},
  title     = {Emerald: Legal Knowledge Engineering Using {OWL} and Rules},
  booktitle = {Legal Knowledge and Information Systems - {JURIX} 2009: The Twenty-Second
               Annual Conference on Legal Knowledge and Information Systems, Rotterdam,
               The Netherlands, 16-18 December 2009},
  pages     = {53--58},
  year      = {2009},
  url       = {https://doi.org/10.3233/978-1-60750-082-7-53},
  doi       = {10.3233/978-1-60750-082-7-53}
}
@incollection{lncs/BoerWV08,
  author    = {A. Boer and
               R. Winkels and
               F. Vitali},
  title     = {MetaLex {XML} and the Legal Knowledge Interchange Format},
  booktitle = {Computable Models of the Law, Languages, Dialogues, Games, Ontologies},
  pages     = {21--41},
  year      = {2008},
  url       = {https://doi.org/10.1007/978-3-540-85569-9\_2},
  doi       = {10.1007/978-3-540-85569-9\_2},
  publisher = {Springer}
}

@inproceedings{icail/PalmiraniCV09,
  author    = {M. Palmirani and
               L. Cervone and
               F. Vitali},
  title     = {Legal metadata interchange framework to match {CEN} metalex},
  booktitle = {The 12th International Conference on Artificial Intelligence and Law,
               Proceedings of the Conference, June 8-12, 2009, Barcelona, Spain},
  pages     = {232--233},
  year      = {2009},
  url       = {http://doi.acm.org/10.1145/1568234.1568269},
  doi       = {10.1145/1568234.1568269}
}
@inproceedings{ruleml/DeryckHVV18,
  author    = {M. Deryck and
               F. Hasic and
               J. Vanthienen and
               J. Vennekens},
  title     = {A Case-Based Inquiry into the Decision Model and Notation {(DMN)}
               and the Knowledge Base {(KB)} Paradigm},
  booktitle = {Rules and Reasoning - Second International Joint Conference, RuleML+RR
               2018, Luxembourg, September 18-21, 2018, Proceedings},
  pages     = {248--263},
  year      = {2018},
  url       = {https://doi.org/10.1007/978-3-319-99906-7\_17},
  doi       = {10.1007/978-3-319-99906-7\_17},
}
@inproceedings{aaai/WatermanP80,
  author    = {D. A. Waterman and
               M. Peterson},
  title     = {Rule-Based Models of Legal Expertise},
  booktitle = {Proceedings of the 1st Annual National Conference on Artificial Intelligence,
               Stanford University, CA, USA, August 18-21, 1980.},
  pages     = {272--275},
  year      = {1980},
  url       = {http://www.aaai.org/Library/AAAI/1980/aaai80-077.php}
}
@article{Zurek12,
  title     = {Conflicts in legal knowledge base},
  author    = {T. Zurek},
  journal   = {Foundations of Computing and Decision Sciences},
  volume    = {37},
  number    = {2},
  pages     = {129--145},
  year      = {2012},
  doi       = {10.2478/v10209-011-0006-9}
}
@misc{DMN,
  title     = {Decision Model and Notation Specification Version 1.1},
  url       = {https://www.omg.org/spec/DMN/1.1/},
  year      = {2016}
}
@article{aanbestedingen,
  title     = {Wet van 17 juni 2016 inzake overheidsopdrachten},
  journal   = {Belgisch Staatsblad},
  year      = {2016-07-14},
  pages     = {44219--44322}
}
@article{newlaw,
  title     = {Decreet van 18 mei 2018 houdende wijziging van de Vlaamse Codex Fiscaliteit van 13 december 2013, wat betreft de hervorming van het verkooprecht en vereenvoudigingen in de registratiebelasting},
  author    = {Vlaamse Overheid},
  journal   = {Belgisch Staatsblad},
  year      = {2018-05-28},
  pages     = {44142},
  url       = {http://www.ejustice.just.fgov.be/wet/wet.htm},
  note      = {Inwerkingtreding: 2018-06-01}
}
@article{oudewet,
  title     = {Decreet van 13 december 2013 houdende de Vlaamse Codex Fiscaliteit},
  author    = {Vlaamse Overheid},
  journal   = {Belgisch Staatsblad},
  year      = {2013-12-23},
  pages     = {101516},
  url       = {http://www.ejustice.just.fgov.be/wet/wet.htm}
}

@misc{idphome,
title = {https://krr.bitbucket.io/},
  url       = {https://krr.bitbucket.io/}
}
@article{ijmms/KralingenVBH99,
  author    = {R. W. van Kralingen and
               P. R. S. Visser and
               T. J. M. Bench{-}Capon and
               H. J. van den Herik},
  title     = {A principled approach to developing legal knowledge systems},
  journal   = {Int. J. Hum.-Comput. Stud.},
  volume    = {51},
  number    = {6},
  pages     = {1127--1154},
  year      = {1999},
  url       = {https://doi.org/10.1006/ijhc.1999.0300},
  doi       = {10.1006/ijhc.1999.0300}
}

@Article{Bench-Capon1992,
author="Bench-Capon, T. J. M.
and Coenen, F. P.",
title="Isomorphism and legal knowledge based systems",
journal="Artificial Intelligence and Law",
year="1992",
month="Mar",
day="01",
volume="1",
number="1",
pages="65--86",
abstract="This paper discusses some engineering considerations that should be taken into account when building a knowledge based system, and recommends isomorphism, the well defined correspondence of the knowledge base to the source texts, as a basic principle of system construction in the legal domain. Isomorphism, as it has been used in the field of legal knowledge based systems, is characterised and the benefits which stem from its use are described. Some objections to and limitations of the approach are discussed. The paper concludes with a case study giving a detailed example of the use of the isomorphic approach in a particular application.",
issn="1572-8382",
doi="10.1007/BF00118479",
url="https://doi.org/10.1007/BF00118479"
}

@misc{FODFinancien,
  title     = {Kopen en verkopen met registratierecht},
author    = {FOD Financien}, 
  url       = {https://financien.belgium.be/nl/particulieren/woning/kopen_-_verkopen/kopen_en_verkopen_met_registratierecht},
 }